@electronic{OR1KSPEC,
 author        = "{D. Lampret et al.}",
 title         = "{OpenRISC 1000 Architecture Manual}",
 note          = "1.1, April 21, 2014",
 url           = "http://opencores.org/websvn,filedetails?repname=openrisc\&path=\%2Fopenrisc\%2Ftrunk\%2Fdocs\%2Fopenrisc-arch-1.1-rev0.pdf",
}

@electronic{OR1200,
 author        = "{D. Lampret et al.}",
 title         = "{OpenRISC 1200 IP Core Specification}",
 note          = "0.13, May 27, 2012",
 url           = "https://github.com/openrisc/or1200/blob/master/doc/openrisc1200_spec.pdf",
}

@inproceedings{BoothMul,
  title={Fully-synthesizable reconfigurable multiplier for high-performance multimedia processors},
  author={Perri, Stefania and Lanuzza, Marco and Corsonello, Pasquale and Cocorullo, Giuseppe},
  booktitle={Proceedings of the International Signal Processing Conference, Dallas, Texas},
  year={2003}
}

@article{SharedSeg,
  title={Architecture and implementation of a vector/SIMD multiply-accumulate unit},
  author={Danysh, Albert and Tan, Dimitri},
  journal={Computers, IEEE Transactions on},
  volume={54},
  number={3},
  pages={284--293},
  year={2005},
  publisher={IEEE}
}

@inproceedings{Sir10us,
  title={SIR10US: A tightly coupled elliptic-curve cryptography co-processor for the OpenRISC},
  author={Gautschi, Michael and Muehlberghuber, Michael and Traber, Andreas and Stucki, Sven and Baer, Matthias and Andri, Renzo and Benini, Luca and Muheim, Beat and Kaeslin, Hubert},
  booktitle={Application-specific Systems, Architectures and Processors (ASAP), 2014 IEEE 25th International Conference on},
  pages={25--29},
  year={2014},
  organization={IEEE}
}

@manual{DW,
 author        = "{Synopsys}",
 title         = "{DesignWare Building Block IP Documentation Overview}",
 note          = "I-2013.12",
 year          = "2013",
 month         = dec
}

@article{PLX,
  title={{PLX}: An instruction set architecture and testbed for multimedia information processing},
  author={Lee, Ruby B and Fiskiran, A Murat},
  journal={Journal of VLSI signal processing systems for signal, image and video technology},
  volume={40},
  number={1},
  pages={85--108},
  year={2005},
  publisher={Springer}
}

@article{MAX2,
  title={Subword parallelism with MAX-2},
  author={Lee, Ruby B},
  journal={Micro, IEEE},
  volume={16},
  number={4},
  pages={51--59},
  year={1996},
  publisher={IEEE}
}


@electronic{STM32F429,
 author        = "STMicroeletronics",
 month         = feb,
 year          = "2015",
 title         = "{STM32F429xx - Datasheet}",
 note          = "DocID024030 Rev 5",
 url           = "http://http://www.st.com/web/en/resource/technical/document/datasheet/DM00071990.pdf",
}


@electronic{CM4UG,
  author = "ARM",
  month  = dec,
  year   = "2010",
  title  = "{Cortex-M4 Devices - Generic User Guide}",
  url = "http://infocenter.arm.com/help/topic/com.arm.doc.dui0553a/DUI0553A_cortex_m4_dgug.pdf"
}


@techreport{RISCV,
    Author = {Waterman, Andrew and Lee, Yunsup and Patterson, David A. and AsanoviÄ‡, Krste},
    Title = {The RISC-V Instruction Set Manual, Volume I: User-Level ISA, Version 2.0},
    Institution = {EECS Department, University of California, Berkeley},
    Year = {2014},
    Month = {May},
    URL = {http://www.eecs.berkeley.edu/Pubs/TechRpts/2014/EECS-2014-54.html},
    Number = {UCB/EECS-2014-54}
}



@inproceedings{MCOMP,
  title={A comparison between processor architectures for multimedia applications},
  author={Shahbahrami, Asadollah and Juurlink, Ben and Vassiliadis, Stamatis},
  booktitle={Proceedings of the 15th Annual Workshop on Circuits, Systems and Signal Processing, ProRisc},
  pages={138--152},
  year={2004}
}


@ARTICLE{NTC,
author={{R.G. Dreslinski et al.}},
journal={Proceedings of the IEEE},
title={Near-Threshold Computing: Reclaiming Moore's Law Through Energy Efficient Integrated Circuits},
year={2010},
month={Feb},
volume={98},
number={2},
pages={253-266},
keywords={energy conservation;energy consumption;integrated circuit design;power integrated circuits;Moores law;energy consumption;energy efficient integrated circuits;near-threshold computing;power-constrained computing;CMOS technology;Clocks;Computer architecture;Design optimization;Energy consumption;Energy efficiency;Fabrication;High performance computing;Moore's Law;Threshold voltage;CMOS integrated circuits;VLSI;computer architecture;energy conservation;parallel processing},
doi={10.1109/JPROC.2009.2034764},
ISSN={0018-9219},}

@INPROCEEDINGS{UNALIGN,
author={Alvarez, M. and Salami, E. and Ramirez, A. and Valero, M.},
booktitle={Performance Analysis of Systems Software, 2007. ISPASS 2007. IEEE International Symposium on},
title={Performance Impact of Unaligned Memory Operations in SIMD Extensions for Video Codec Applications},
year={2007},
month={April},
pages={62-71},
},}

@inproceedings{azizi2010,
  title={Energy-performance tradeoffs in processor architecture and circuit design: a marginal cost analysis},
  author={Azizi, Omid and Mahesri, Aqeel and Lee, Benjamin C and Patel, Sanjay J and Horowitz, Mark},
  booktitle={ACM SIGARCH Computer Architecture News},
  volume={38},
  number={3},
  pages={26--36},
  year={2010},
  organization={ACM}
}

@inproceedings{VIVEK,
  title={Near-Threshold Voltage design in nanoscale CMOS},
  author={De, Vivek},
  booktitle={Design, Automation \& Test in Europe Conference \& Exhibition (DATE), 2013},
  pages={612--612},
  year={2013},
  organization={IEEE}
}






@book{Knuth84,
 AUTHOR        = "Knuth, Donald E.",
 TITLE         = "The TeXbook",
 PUBLISHER     = "Addison-Wesley",
 YEAR          = "1984"
}

@book{Kaeslin08,
 AUTHOR        = "Kaeslin, Hubert",
 TITLE         = "Digital Integrated Circuit Design: From VLSI Architectures to CMOS Fabrication",
 PUBLISHER     = "Cambridge University Press",
 month         = apr,
 YEAR          = "2008"
}

@book{HVM04,
 AUTHOR        = "Hankerson, D.R. and Vanstone, S.A. and Menezes, A.J.",
 TITLE         = "Guide to Elliptic Curve Cryptography",
 series        = "Springer Professional Computing",
 PUBLISHER     = "Springer",
 YEAR          = "2004"
}

@manual{FIPS197,
 title         = "Advanced Encryption Standard (AES) (FIPS PUB 197)",
 author        = "NIST",
 organization  = "National Institute of Standards and Technology",
 month         = nov,
 year          = "2001"
}

@inproceedings{RBBK01,
 AUTHOR        = "Phillip Rogaway and Mihir Bellare and John Black and Ted Krovetz",
 TITLE         = "{OCB: A Block-Cipher Mode of Operation for Efficient Authenticated Encryption}",
 BOOKTITLE     = "ACM Conference on Computer and Communications Security",
 YEAR          = "2001",
 pages         = "196--205"
}

@electronic{Virtex6UG1111,
 author        = "Xilinx",
 month         = nov,
 year          = "2011",
 title         = "{Virtex-6 FPGA Configuration - User Guide}",
 note          = "UG360 (v3.4) November 18, 2011",
 url           = "http://www.xilinx.com/support/documentation/user\_guides/ug360.pdf",
}

@electronic{XilinxBib:Series7UG1110,
 author        = "Xilinx",
 month         = oct,
 year          = "2011",
 title         = "{7 Series FPGAs Configuration - User Guide}",
 note          = "UG470 (v1.2) October 26, 2011",
 url           = "http://www.xilinx.com/support/documentation/user\_guides/ug470\_7Series\_Config.pdf",
}

#####
##### Citing URLs
#####
@misc{WIKI:Newton,
 author        = "Wikipedia",
 title         = "Isaac Newton --- Wikipedia{,} The Free Encyclopedia",
 year	       = "2012",
 note	       = "[Online; accessed 1-October-2012]",
 url	       = "http://en.wikipedia.org/w/index.php?title=Isaac\_Newton&oldid=514997436",
}
